@article{Ross2018-1D,
   abstract = {Hill-type muscle models are widely used within the field of biomechanics to predict and understand muscle behaviour, and are often essential where muscle forces cannot be directly measured. However, these models have limited accuracy, particularly during cyclic contractions at the submaximal levels of activation that typically occur during locomotion. To address this issue, recent studies have incorporated effects into Hill-type models that are oftentimes neglected, such as size-dependent, history-dependent, and activation-dependent effects. However, the contribution of these effects on muscle performance has yet to be evaluated under common contractile conditions that reflect the range of activations, strains, and strain rates that occur in vivo. The purpose of this study was to develop a modelling framework to evaluate modifications to Hill-type muscle models when they contract in cyclic loops that are typical of locomotor muscle function. Here we present a modelling framework composed of a damped harmonic oscillator in series with a Hill-type muscle actuator that consists of a contractile element and parallel elastic element. The intrinsic force-length and force-velocity properties are described using Bézier curves where we present a system to relate physiological parameters to the control points for these curves. The muscle-oscillator system can be geometrically scaled while preserving dynamic and kinematic similarity to investigate the muscle size effects while controlling for the dynamics of the harmonic oscillator. The model is driven by time-varying muscle activations that cause the muscle to cyclically contract and drive the dynamics of the harmonic oscillator. Thus, this framework provides a platform to test current and future Hill-type model formulations and explore factors affecting muscle performance in muscles of different sizes under a range of cyclic contractile conditions.},
   author = {Stephanie A. Ross and Nilima Nigam and James M. Wakeling},
   doi = {10.1371/journal.pcbi.1006123},
   issn = {15537358},
   issue = {4},
   journal = {PLoS Computational Biology},
   month = {4},
   pmid = {29659583},
   publisher = {Public Library of Science},
   title = {A modelling approach for exploring muscle dynamics during cyclic contractions},
   volume = {14},
   year = {2018},
}
@article{Ross2018,
   abstract = {Muscles undergo cycles of length change and force development during locomotion, and these contribute to their work and power production to drive body motion. Muscle fibers are typically considered to be linear actuators whose stress depends on their length, velocity, and activation state, and whose properties can be scaled up to explain the function of whole muscles. However, experimental and modeling studies have shown that a muscle’s stress additionally depends on inactive and passive tissues within the muscle, the muscle’s size, and its previous contraction history. These effects have not been tested under common sets of contraction conditions, especially the cyclic contractions that are typical of locomotion. Here we evaluate the relative effects of size, history-dependent, activation and three-dimensional effects on the work and power produced during cyclic contractions of muscle models. Simulations of muscle contraction were optimized to generate high power outputs: this resulted in the muscle models being largely active during shortening, and inactive during lengthening. As such, the history-dependent effects were dominated by force depression during simulated active shortening rather than force enhancement during active stretch. Internal work must be done to deform the muscle tissue, and to accelerate the internal muscle mass, resulting in reduced power and work that can be done on an external load. The effect of the muscle mass affects the scaling of muscle properties, with the inertial costs of contraction being relatively greater at larger sizes and lower activation levels.},
   author = {Stephanie A. Ross and David S. Ryan and Sebastian Dominguez and Nilima Nigam and James M. Wakeling},
   doi = {10.1093/icb/icy021},
   issn = {15577023},
   issue = {2},
   journal = {Integrative and Comparative Biology},
   month = {8},
   pages = {232-250},
   pmid = {29726964},
   publisher = {Oxford University Press},
   title = {Size, history-dependent, activation and three-dimensional effects on the work and power produced during cyclic muscle contractions},
   volume = {58},
   year = {2018},
}
@book{HolzapfelBook,
   author = {Gerhard A. Holzapfel},
   isbn = {9780471823049},
   publisher = {Wiley},
   title = {Nonlinear Solid Mechanics: A Continuum Approach for Engineering},
   url = {https://books.google.ca/books?id=tfI_AQAAIAAJ},
   year = {2000},
}
@article {hill-review-2022,
	author = {Caillet, Arnault H. and Phillips, Andrew T.M. and Carty, Christopher and Farina, Dario and Modenese, Luca},
	title = {Hill-type computational models of muscle-tendon actuators: a systematic review},
	elocation-id = {2022.10.14.512218},
	year = {2022},
	doi = {10.1101/2022.10.14.512218},
	publisher = {Cold Spring Harbor Laboratory},
	abstract = {Backed by a century of research and development, Hill-type muscle-tendon models are extensively used for countless applications. Lacking recent reviews, the field of Hill-type modelling is however dense and hard-to-explore, with detrimental consequences on knowledge transmission, inter-study consistency, and innovation. Here we present the first systematic review of the field of Hill-type muscle-tendon modelling. It aims to clarify the literature by detailing its contents and proposing updated terminology and definitions, and discussing the state-of-the-art by identifying the latest advances, current gaps, and potential improvements in modelling muscle properties. To achieve this aim, fifty-five criteria-abiding studies were extracted using a systematic search and their Hill-type models assessed according to a completeness evaluation, which identified the modelled muscle-tendon properties, and a modelling evaluation, which considered the level of validation and reusability of the model, and attention given to its modelling strategy and calibration. It is concluded that most models (1) do not significantly advance the dated gold standards in muscle modelling and do not build upon more recent advances, (2) overlook the importance of parameter identification and tuning, (3) are not strongly validated, and (4) are not reusable in other studies. Besides providing a convenient tool supported by extensive supplementary material for understanding the literature, the results of this review open a discussion on the necessity for global recommendations in Hill-type modelling and more frequent reviews to optimize inter-study consistency, knowledge transmission and model reusability.Competing Interest StatementThe authors have declared no competing interest.},
	URL = {https://www.biorxiv.org/content/early/2022/11/24/2022.10.14.512218},
	eprint = {https://www.biorxiv.org/content/early/2022/11/24/2022.10.14.512218.full.pdf},
	journal = {bioRxiv}
}
@book{HughesBook,
  title={The Finite Element Method: Linear Static and Dynamic Finite Element Analysis},
  author={Hughes, T.J.R.},
  isbn={9780486135021},
  series={Dover Civil and Mechanical Engineering},
  url={https://books.google.ca/books?id=cHH2n\_qBK0IC},
  year={2012},
  publisher={Dover Publications}
}

@article{Weiss1996,
  title={Finite element implementation of incompressible, transversely isotropic hyperelasticity},
  author={Weiss, Jeffrey A and Maker, Bradley N and Govindjee, Sanjay},
  journal={Computer methods in applied mechanics and engineering},
  volume={135},
  number={1-2},
  pages={107--128},
  year={1996},
  publisher={Elsevier}
}

@phdthesis{Seba,
   title = {From eigenbeauty to large-deformation horror},
   author = {Dom\'{i}nguez Rivera, Sebasti\'{a}n},
   school = {Department of Mathematics, Simon Fraser University},
   year = {2020}
}

@mastersthesis{Cassidy,
   title = {The dynamics of skeletal muscle: a computational study},
   author = {Tam, Cassidy},
   school = {Department of Mathematics, Simon Fraser University},
   year = {2022},
   type     = {{MSc} Thesis},
}

@mastersthesis{EvanThesis,
   title = {Comparison of muscle predictions using mass-enhanced and massless Hill-type muscle models in human locomotion},
   author = {Chen, Ing-Jeng},
   school = {Department of Biomedical Physiology and Kinesiology, Simon Fraser University},
   year = {2024},
   type     = {{MSc} Thesis},
}

@article{Paper1_WakelingEtAl2020,
  title={{The energy of muscle contraction. I. Tissue force and deformation during fixed-end contractions}},
  author={Wakeling, James M and Ross, Stephanie A and Ryan, David S and Bolsterlee, Bart and Konno, Ryan and Dom{\'\i}nguez, Sebasti{\'a}n and Nigam, Nilima},
  journal={Frontiers in Physiology},
  volume={11},
  pages={813},
  year={2020},
  publisher={Frontiers Media SA}
}

@article{Paper2_RyanEtAl2020,
  title={{The energy of muscle contraction. II. transverse compression and work}},
  author={Ryan, David S and Dom{\'\i}nguez, Sebasti{\'a}n and Ross, Stephanie A and Nigam, Nilima and Wakeling, James M},
  journal={Frontiers in Physiology},
  volume={11},
  pages={538522},
  year={2020},
  publisher={Frontiers Media SA}
}

@article{Paper3_RossEtAl2021,
  title={{The energy of muscle contraction. III. Kinetic energy during cyclic contractions}},
  author={Ross, Stephanie A and Dom{\'\i}nguez, Sebasti{\'a}n and Nigam, Nilima and Wakeling, James M},
  journal={Frontiers in Physiology},
  volume={12},
  pages={628819},
  year={2021},
  publisher={Frontiers Media SA}
}

@article{Paper4_RossWakeling2021,
  title={{The energy of muscle contraction. IV. Greater mass of larger muscles decreases contraction efficiency}},
  author={Ross, Stephanie A and Wakeling, James M},
  journal={Journal of the Royal Society Interface},
  volume={18},
  number={182},
  pages={20210484},
  year={2021},
  publisher={The Royal Society}
}

@article{KonnoNigamWakeling2021_ECM,
  title={Modelling extracellular matrix and cellular contributions to whole muscle mechanics},
  author={Konno, Ryan N and Nigam, Nilima and Wakeling, James M},
  journal={Plos one},
  volume={16},
  number={4},
  pages={e0249601},
  year={2021},
  publisher={Public Library of Science San Francisco, CA USA}
}

@article{KonnoEtAl2022_CP,
  title={The contributions of extracellular matrix and sarcomere properties to passive muscle stiffness in cerebral palsy},
  author={Konno, Ryan N and Nigam, Nilima and Wakeling, James M and Ross, Stephanie A},
  journal={Frontiers in Physiology},
  volume={12},
  pages={2498},
  year={2022},
  publisher={Frontiers}
}

@article{AlmonacidEtAl2022_SIAP_Paper,
  title={A three-dimensional model of skeletal muscle tissues},
  author={Almonacid, Javier A and Dom{\'\i}nguez-Rivera, Sebasti{\'a}n A and Konno, Ryan N and Nigam, Nilima and Ross, Stephanie A and Tam, Cassidy and Wakeling, James M},
  journal={SIAM Journal on Applied Mathematics},
  volume={84},
  number={3},
  pages={S538--S566},
  year={2024},
  publisher={SIAM}
}

@phdthesis{Hadi,
   title={{Structural mechanics of skeletal muscle contractions: Mechanistic findings using a finite element model}},
   author={Rahemi, Hadi},
   school={Department of Mathematics, Simon Fraser University},
   year={2015}
}

@article{SerianiOliveira2020,
  title={Numerical modeling of mechanical wave propagation},
  author={Seriani, G and Oliveira, SP},
  journal={La Rivista del Nuovo Cimento},
  volume={43},
  number={9},
  pages={459--514},
  year={2020},
  publisher={Springer}
}

@article{Fung2003,
  title={Numerical dissipation in time-step integration algorithms for structural dynamic analysis},
  author={Fung, TC},
  journal={Progress in Structural Engineering and Materials},
  volume={5},
  number={3},
  pages={167--180},
  year={2003},
  publisher={Wiley Online Library}
}

@article{Delp2007OpenSim,
  title={OpenSim: open-source software to create and analyze dynamic simulations of movement},
  author={Delp, Scott L and Anderson, Frank C and Arnold, Allison S and Loan, Peter and Habib, Ayman and John, Chand T and Guendelman, Eran and Thelen, Darryl G},
  journal={IEEE transactions on biomedical engineering},
  volume={54},
  number={11},
  pages={1940--1950},
  year={2007},
  publisher={IEEE}
}

@article{Zajac1989,
  title={Muscle and tendon: properties, models, scaling, and application to biomechanics and motor control.},
  author={Zajac, Felix E},
  journal={Critical reviews in biomedical engineering},
  volume={17},
  number={4},
  pages={359--411},
  year={1989}
}

@incollection{SuedaKaufmanDinesh2008,
  title={Musculotendon simulation for hand animation},
  author={Sueda, Shinjiro and Kaufman, Andrew and Pai, Dinesh K},
  booktitle={ACM SIGGRAPH 2008 papers},
  pages={1--8},
  year={2008}
}

@article{SmithGoesKim2018,
  title={Stable neo-hookean flesh simulation},
  author={Smith, Breannan and Goes, Fernando De and Kim, Theodore},
  journal={ACM Transactions on Graphics (TOG)},
  volume={37},
  number={2},
  pages={1--15},
  year={2018},
  publisher={ACM New York, NY, USA}
}

@article{Hill1938,
  title={The heat of shortening and the dynamic constants of muscle},
  author={Hill, Archibald Vivian},
  journal={Proceedings of the Royal Society of London. Series B-Biological Sciences},
  volume={126},
  number={843},
  pages={136--195},
  year={1938},
  publisher={The Royal Society London}
}

@article{Huxley1957,
  title={Muscle structure and theories of contraction},
  author={Huxley, Andrew F},
  journal={Progress in biophysics and biophysical chemistry},
  volume={7},
  pages={256--319},
  year={1957}
}

@article{HansonHuxley1953,
  title={Structural basis of the cross-striations in muscle},
  author={Hanson, Jean and Huxley, Hugh E},
  journal={Nature},
  volume={172},
  pages={530--532},
  year={1953},
  publisher={Springer}
}

@article{HuxleyNiedergerke1954,
  title={Structural changes in muscle during contraction: interference microscopy of living muscle fibres},
  author={Huxley, Andrew F and Niedergerke, Rolf},
  journal={Nature},
  volume={173},
  number={4412},
  pages={971--973},
  year={1954},
  publisher={Nature Publishing Group UK London}
}

@article{GordonHuxleyJulian1966,
  title={The variation in isometric tension with sarcomere length in vertebrate muscle fibres},
  author={Gordon, AM and Huxley, Andrew F and Julian, FJ},
  journal={The Journal of physiology},
  volume={184},
  number={1},
  pages={170--192},
  year={1966},
  publisher={Wiley Online Library}
}

@article{YeoEtAl2013,
  title={Phenomenological models of the dynamics of muscle during isotonic shortening},
  author={Yeo, Sang Hoon and Monroy, Jenna A and Lappin, A Kristopher and Nishikawa, Kiisa C and Pai, Dinesh K},
  journal={Journal of biomechanics},
  volume={46},
  number={14},
  pages={2419--2425},
  year={2013},
  publisher={Elsevier}
}

@article{Rasmussen2002Anybody,
  title={The anybody project--computer analysis of the human body},
  author={Rasmussen, John and Vondrak, Vit and Damsgaard, Michael and De Zee, Mark and Christensen, S{\o}ren T and Dostal, Zdenek},
  journal={Biomechanics of Man},
  volume={270},
  pages={274},
  year={2002}
}

@article{ValeroCuevas2009,
  title={Computational models for neuromuscular function},
  author={Valero-Cuevas, Francisco J and Hoffmann, Heiko and Kurse, Manish U and Kutch, Jason J and Theodorou, Evangelos A},
  journal={IEEE reviews in biomedical engineering},
  volume={2},
  pages={110--135},
  year={2009},
  publisher={IEEE}
}

@book{Strikwerda,
  title={Finite difference schemes and partial differential equations},
  author={Strikwerda, John C},
  year={2004},
  publisher={Society for Industrial and Applied Mathematics}
}

@article{SimoTaylorPister1985,
  title={Variational and projection methods for the volume constraint in finite deformation elasto-plasticity},
  author={Simo, JC and Taylor, Robert L and Pister, KS822744},
  journal={Computer methods in applied mechanics and engineering},
  volume={51},
  number={1-3},
  pages={177--208},
  year={1985},
  publisher={Elsevier}
}

@article{Newmark,
  title={A method of computation for structural dynamics},
  author={Newmark, Nathan M},
  journal={Journal of the engineering mechanics division},
  volume={85},
  number={3},
  pages={67--94},
  year={1959},
  publisher={American Society of Civil Engineers}
}

@techreport{Wilson,
  title={A computer program for the dynamic stress analysis of underground structures},
  author={Wilson, Edward L},
  year={1968},
  number={SESM Report No. 68-1},
  institution={Berkeley, CA: Division of Structural Engineering and Structural Mechanics, University of California}
}

@article{HHTalpha,
  title={Improved numerical dissipation for time integration algorithms in structural dynamics},
  author={Hilber, Hans M and Hughes, Thomas JR and Taylor, Robert L},
  journal={Earthquake Engineering \& Structural Dynamics},
  volume={5},
  number={3},
  pages={283--292},
  year={1977},
  publisher={Wiley Online Library}
}

@article{WBZ,
  title={An alpha modification of Newmark's method},
  author={Wood, WL and Bossak, M and Zienkiewicz, OC},
  journal={International journal for numerical methods in engineering},
  volume={15},
  number={10},
  pages={1562--1566},
  year={1980},
  publisher={Wiley Online Library}
}

@article{HPtheta,
  title={Development of an implicit method with numerical dissipation from a generalized single-step algorithm for structural dynamics},
  author={Hoff, C\_ and Pahl, PJ},
  journal={Computer Methods in Applied Mechanics and Engineering},
  volume={67},
  number={3},
  pages={367--385},
  year={1988},
  publisher={Elsevier}
}

@article{ChangSD,
  title={A new family of explicit methods for linear structural dynamics},
  author={Chang, Shuenn-Yih},
  journal={Computers \& Structures},
  volume={88},
  number={11-12},
  pages={755--772},
  year={2010},
  publisher={Elsevier}
}

@article{KadapaDettmerPeric2017,
  title={On the advantages of using the first-order generalised-alpha scheme for structural dynamic problems},
  author={Kadapa, C and Dettmer, WG and Peri{\'c}, D},
  journal={Computers \& Structures},
  volume={193},
  pages={226--238},
  year={2017},
  publisher={Elsevier}
}

@article{BabushkaSuri1992,
  title={Locking effects in the finite element approximation of elasticity problems},
  author={Babu{\v{s}}ka, Ivo and Suri, Manil},
  journal={Numerische Mathematik},
  volume={62},
  number={1},
  pages={439--463},
  year={1992},
  publisher={Springer}
}

@article{RossiEtAl2014,
  title={A review of automatic time-stepping strategies on numerical time integration for structural dynamics analysis},
  author={Rossi, Diogo Folador and Ferreira, Waln{\'o}rio Gra{\c{c}}a and Mansur, Webe Jo{\~a}o and Calenzani, Adenilcia Fernanda Grob{\'e}rio},
  journal={Engineering structures},
  volume={80},
  pages={118--136},
  year={2014},
  publisher={Elsevier}
}

@article{MaxamTamma2022,
  title={A re-evaluation of overshooting in time integration schemes: The neglected effect of physical damping in the starting procedure},
  author={Maxam, Dean J and Tamma, Kumar K},
  journal={International Journal for Numerical Methods in Engineering},
  volume={123},
  number={12},
  pages={2683--2704},
  year={2022},
  publisher={Wiley Online Library}
}

@book{ABAQUS,
  title = "ABAQUS/Standard User's Manual, Version 6.9",
  author = "Michael Smith",
  year = "2009",
  language = "English",
  publisher = "Dassault Syst{\`e}mes Simulia Corp",
  address = "United States",
}

@article{ErlicherBonaventuraBursi2002,
  title={The analysis of the generalized-$\alpha$ method for non-linear dynamic problems},
  author={Erlicher, Silvano and Bonaventura, Luca and Bursi, Oreste S},
  journal={Computational mechanics},
  volume={28},
  number={2},
  pages={83--104},
  year={2002},
  publisher={Springer}
}

% NONLINEAR ELASTODYNAMICS

@article{PellecchiaCesarano2021Hysteretic,
  title={A Generalized Formulation of Time Integration Methods for Nonlinear Dynamic Analysis of Hysteretic Mechanical Systems},
  author={Pellecchia, Davide and Cesarano, Pasquale},
  journal={Mathematical Applications in Continuum and Structural Mechanics},
  pages={149--172},
  year={2021},
  publisher={Springer}
}

@article{LiEtAl2020LargeDefornationDynamics,
  title={Incremental potential contact: intersection-and inversion-free, large-deformation dynamics.},
  author={Li, Minchen and Ferguson, Zachary and Schneider, Teseo and Langlois, Timothy R and Zorin, Denis and Panozzo, Daniele and Jiang, Chenfanfu and Kaufman, Danny M},
  journal={ACM Trans. Graph.},
  volume={39},
  number={4},
  pages={49},
  year={2020}
}

@article{ChenEtAl2017Fabrication,
  title={Dynamics-aware numerical coarsening for fabrication design},
  author={Chen, Desai and Levin, David IW and Matusik, Wojciech and Kaufman, Danny M},
  journal={ACM Transactions on Graphics (TOG)},
  volume={36},
  number={4},
  pages={1--15},
  year={2017},
  publisher={ACM New York, NY, USA}
}

@article{JanzBetschFranke2019,
  title={Structure-preserving space-time discretization of a mixed formulation for quasi-incompressible large strain elasticity in principal stretches},
  author={Janz, Alexander and Betsch, Peter and Franke, Marlon},
  journal={International Journal for Numerical Methods in Engineering},
  volume={120},
  number={13},
  pages={1381--1410},
  year={2019},
  publisher={Wiley Online Library}
}

@article{AllingerEpsteinHerzog1996,
  title={Stability of muscle fibers on the descending limb of the force-length relation. A theoretical consideration},
  author={Allinger, Todd L and Epstein, Marcelo and Herzog, Walter},
  journal={Journal of biomechanics},
  volume={29},
  number={5},
  pages={627--633},
  year={1996},
  publisher={Elsevier}
}

@article{Zahalak1997,
  title={Can muscle fibers be stable on the descending limbs of their sarcomere length-tension relations?},
  author={Zahalak, George I},
  journal={Journal of Biomechanics},
  volume={30},
  number={11-12},
  pages={1179--1182},
  year={1997},
  publisher={Elsevier}
}

@article{YeoEtAl2023NumericalInstability,
  title={Numerical instability of Hill-type muscle models},
  author={Yeo, Sang-Hoon and Verheul, Jasper and Herzog, Walter and Sueda, Shinjiro},
  journal={Journal of the Royal Society Interface},
  volume={20},
  number={199},
  pages={20220430},
  year={2023},
  publisher={The Royal Society}
}

@article{Morgan1990,
  title={New insights into the behavior of muscle during active lengthening},
  author={Morgan, DL},
  journal={Biophysical journal},
  volume={57},
  number={2},
  pages={209--221},
  year={1990},
  publisher={Elsevier}
}

@article{TelleyEtAl2006,
  title={Dynamic behaviour of half-sarcomeres during and after stretch in activated rabbit psoas myofibrils: sarcomere asymmetry but no ‘sarcomere popping’},
  author={Telley, IA and Stehle, R and Ranatunga, KW and Pfitzer, G and St{\"u}ssi, E and Denoth, J},
  journal={The Journal of physiology},
  volume={573},
  number={1},
  pages={173--185},
  year={2006},
  publisher={Wiley Online Library}
}

@article{JohnstonJinhaHerzog2016,
  title={The role of sarcomere length non-uniformities in residual force enhancement of skeletal muscle myofibrils},
  author={Johnston, Kaleena and Jinha, Azim and Herzog, Walter},
  journal={Royal Society Open Science},
  volume={3},
  number={3},
  pages={150657},
  year={2016},
  publisher={The Royal Society}
}

@inproceedings{LemosEtAl2001,
  title={Realistic skeletal muscle deformation using finite element analysis},
  author={Lemos, Robson and Epstein, Marcelo and Herzog, Walter and Wyvill, Brian},
  booktitle={Proceedings XIV Brazilian Symposium on Computer Graphics and Image Processing},
  pages={192--199},
  year={2001},
  organization={IEEE}
}

@article{HeidlaufEtAl2016,
  title={A multi-scale continuum model of skeletal muscle mechanics predicting force enhancement based on actin--titin interaction},
  author={Heidlauf, Thomas and Klotz, Thomas and Rode, Christian and Altan, Ekin and Bleiler, Christian and Siebert, Tobias and R{\"o}hrle, Oliver},
  journal={Biomechanics and modeling in mechanobiology},
  volume={15},
  pages={1423--1437},
  year={2016},
  publisher={Springer}
}

@article{HeidlaufEtAl2017,
  title={A continuum-mechanical skeletal muscle model including actin-titin interaction predicts stable contractions on the descending limb of the force-length relation},
  author={Heidlauf, Thomas and Klotz, Thomas and Rode, Christian and Siebert, Tobias and R{\"o}hrle, Oliver},
  journal={PLoS computational biology},
  volume={13},
  number={10},
  pages={e1005773},
  year={2017},
  publisher={Public Library of Science San Francisco, CA USA}
}

@article{JaviAPosteriori,
  title={A posteriori error analysis of a mixed-primal finite element method for the Boussinesq problem with temperature-dependent viscosity},
  author={Almonacid, Javier A and Gatica, Gabriel N and Oyarz{\'u}a, Ricardo},
  journal={Journal of Scientific Computing},
  volume={78},
  pages={887--917},
  year={2019},
  publisher={Springer}
}

@article{QuarteroniManzoniVergara2017,
  title={The cardiovascular system: mathematical modelling, numerical algorithms and clinical applications},
  author={Quarteroni, ALFIO and Manzoni, Andrea and Vergara, Christian},
  journal={Acta Numerica},
  volume={26},
  pages={365--590},
  year={2017},
  publisher={Cambridge University Press}
}

@Article{dealii,
  author  = {Daniel Arndt and Wolfgang Bangerth and Maximilian Bergbauer and Marco Feder and Marc Fehling and Johannes Heinz and Timo Heister and Luca Heltai and Martin Kronbichler and Matthias Maier and Peter Munch and Jean-Paul Pelteret and Bruno Turcksin and David Wells and Stefano Zampini},
  title   = {The deal.{II} Library, Version 9.5},
  journal = {Journal of Numerical Mathematics},
  year    = 2023,
  volume  = 31,
  number  = 3,
  pages   = {231--246},
  month   = aug,
  doi     = {10.1515/jnma-2023-0089},
  url     = {https://www.degruyter.com/document/doi/10.1515/jnma-2023-0089/html},
  publisher = {Walter de Gruyter {GmbH}},
  preprint = {https://dealii.org/deal95-preprint.pdf}
}

@book{BonetGillWood2021Book,
  title={Nonlinear solid mechanics for finite element analysis: dynamics},
  author={Bonet, Javier and Gil, Antonio J and Wood, Richard D},
  year={2021},
  publisher={Cambridge University Press}
}

@phdthesis{BlemkerThesis,
  title={Three-dimensional modeling of complex muscle architecture and geometry},
  author={Blemker, Silvia Salinas},
  year={2004},
  school={Stanford University}
}

@misc{MusclePicture,
author = {Britannica, {The Editors of Encyclopaedia}},
title = {{skeletal muscle}},
howpublished = {Encyclopedia Britannica},
note = {\url{https://www.britannica.com/science/skeletal-muscle}. Accessed on 2023-05-22}
}

@article{burkholder2001sarcomere,
  title={Sarcomere length operating range of vertebrate muscles during movement},
  author={Burkholder, Thomas J and Lieber, Richard L},
  journal={Journal of Experimental Biology},
  volume={204},
  number={9},
  pages={1529--1536},
  year={2001},
  publisher={Company of Biologists The Company of Biologists, Bidder Building, 140 Cowley~…}
}

@article{MillardEtAl2013,
  title={Flexing computational muscle: modeling and simulation of musculotendon dynamics},
  author={Millard, Matthew and Uchida, Thomas and Seth, Ajay and Delp, Scott L},
  journal={Journal of biomechanical engineering},
  volume={135},
  number={2},
  year={2013},
  publisher={American Society of Mechanical Engineers Digital Collection}
}

@article{McGowanEtAl2013,
  title={A phenomenological muscle model to assess history dependent effects in human movement},
  author={McGowan, Craig P and Neptune, RR and Herzog, W},
  journal={Journal of biomechanics},
  volume={46},
  number={1},
  pages={151--157},
  year={2013},
  publisher={Elsevier}
}

@article{RossPaper4,
  title={The energy of muscle contraction. IV. Greater mass of larger muscles decreases contraction efficiency},
  author={Ross, Stephanie A and Wakeling, James M},
  journal={Journal of the Royal Society Interface},
  volume={18},
  number={182},
  pages={20210484},
  year={2021},
  publisher={The Royal Society}
}

@article{StarkEtAl2021Dogs,
  title={A three-dimensional musculoskeletal model of the dog},
  author={Stark, Heiko and Fischer, Martin S and Hunt, Alexander and Young, Fletcher and Quinn, Roger and Andrada, Emanuel},
  journal={Scientific reports},
  volume={11},
  number={1},
  pages={1--13},
  year={2021},
  publisher={Springer}
}

@article{BishopEtAl2021Dinosaurs,
  title={How to build a dinosaur: Musculoskeletal modeling and simulation of locomotor biomechanics in extinct animals},
  author={Bishop, Peter J and Cuff, Andrew R and Hutchinson, John R},
  journal={Paleobiology},
  volume={47},
  number={1},
  pages={1--38},
  year={2021},
  publisher={Cambridge University Press New York, USA}
}

@article{RajagopalEtAl2016FullBody,
  title={Full-body musculoskeletal model for muscle-driven simulation of human gait},
  author={Rajagopal, Apoorva and Dembia, Christopher L and DeMers, Matthew S and Delp, Denny D and Hicks, Jennifer L and Delp, Scott L},
  journal={IEEE transactions on biomedical engineering},
  volume={63},
  number={10},
  pages={2068--2079},
  year={2016},
  publisher={IEEE}
}

@article{BlemkerDelp2005,
  title={Three-dimensional representation of complex muscle architectures and geometries},
  author={Blemker, Silvia S and Delp, Scott L},
  journal={Annals of biomedical engineering},
  volume={33},
  pages={661--673},
  year={2005},
  publisher={Springer}
}

@article{MarcucciEtAl2017,
  title={From single muscle fiber to whole muscle mechanics: a finite element model of a muscle bundle with fast and slow fibers},
  author={Marcucci, Lorenzo and Reggiani, Carlo and Natali, Arturo N and Pavan, Piero G},
  journal={Biomechanics and modeling in mechanobiology},
  volume={16},
  pages={1833--1843},
  year={2017},
  publisher={Springer}
}

@article{OdegardEtAl2008,
  title={Constitutive modeling of skeletal muscle tissue with an explicit strain-energy function},
  author={Odegard, GM and Haut Donahue, TL and Morrow, DA and Kaufman, Kenton R},
  journal={Journal of biomechanical engineering},
  volume={130},
  number={6},
  year={2008},
  publisher={American Society of Mechanical Engineers Digital Collection}
}

	
@incollection{Artisynth,
  title={ARTISYNTH: A fast interactive biomechanical modeling toolkit
     combining multibody and finite element simulation},
  author={Lloyd, John E and Stavness, Ian and Fels, Sidney},
  booktitle={Soft Tissue Biomechanical Modeling for Computer Assisted Surgery},
  pages={355--394},
  year={2012},
  publisher={Springer}
}

@article{FEBio,
  title={FEBio: finite elements for biomechanics},
  author={Maas, Steve A and Ellis, Benjamin J and Ateshian, Gerard A and Weiss, Jeffrey A},
  journal={Journal of Biomechanical Engineering},
  volume={134},
  number={1},
  year={2012}
}

@phdthesis{PelteretThesis,
  title={A computational neuromuscular model of the human upper airway},
  author={Pelteret, Jean-Paul},
  year={2013},
  school={University of Cape Town}
}

@article{Naghibi2016Comparison,
  title={A comparison between dynamic implicit and explicit finite element simulations of the native knee joint},
  author={{Naghibi Beidokhti}, Hamid and Janssen, Dennis and Khoshgoftar, Mehdi and Sprengers, Andre and Perdahcioglu, Emin Semih and Van den Boogaard, Ton and Verdonschot, Nico},
  journal={Medical engineering \& physics},
  volume={38},
  number={10},
  pages={1123--1130},
  year={2016},
  publisher={Elsevier}
}

@article{GillespieEtAl1987,
  title={Motor units and histochemistry in rat lateral gastrocnemius and soleus muscles: evidence for dissociation of physiological and histochemical properties after reinnervation},
  author={Gillespie, M JEAN and Gordon, TESSA and Murphy, PETER R},
  journal={Journal of neurophysiology},
  volume={57},
  number={4},
  pages={921--937},
  year={1987},
  publisher={American Physiological Society Bethesda, MD}
}

@article{RackWestbury1969,
  title={The effects of length and stimulus rate on tension in the isometric cat soleus muscle},
  author={Rack, Peter MH and Westbury, DR},
  journal={The Journal of physiology},
  volume={204},
  number={2},
  pages={443},
  year={1969},
  publisher={Wiley-Blackwell}
}

@article{HayashibeGuiraud2013,
  title={Voluntary EMG-to-force estimation with a multi-scale physiological muscle model},
  author={Hayashibe, Mitsuhiro and Guiraud, David},
  journal={Biomedical engineering online},
  volume={12},
  pages={1--18},
  year={2013},
  publisher={Springer}
}

@article{TigueEtAl2022,
  title={Investigating the effects of flexor tendon shortening on active range of motion after finger tendon repair},
  author={Tigue, James A and Rockwell, W Bradford and Foreman, K Bo and Mascaro, Stephen A},
  journal={The Anatomical Record},
  volume={305},
  number={5},
  pages={1231--1244},
  year={2022},
  publisher={Wiley Online Library}
}

@article{WalterEtAl2014,
  title={Muscle synergies may improve optimization prediction of knee contact forces during walking},
  author={Walter, Jonathan P and Kinney, Allison L and Banks, Scott A and D'Lima, Darryl D and Besier, Thor F and Lloyd, David G and Fregly, Benjamin J},
  journal={Journal of biomechanical engineering},
  volume={136},
  number={2},
  pages={021031},
  year={2014},
  publisher={American Society of Mechanical Engineers}
}

@article{ZdunekRachowicz2017,
  title={A 3-field formulation for strongly transversely isotropic compressible finite hyperelasticity},
  author={Zdunek, Adam and Rachowicz, Waldemar},
  journal={Computer Methods in Applied Mechanics and Engineering},
  volume={315},
  pages={478--500},
  year={2017},
  publisher={Elsevier}
}

@article{BrinkStein1998,
  title={A posteriori error estimation in large-strain elasticity using equilibrated local Neumann problems},
  author={Brink, Ulrich and Stein, Erwin},
  journal={Computer Methods in Applied Mechanics and Engineering},
  volume={161},
  number={1-2},
  pages={77--101},
  year={1998},
  publisher={Elsevier}
}

@article{RuterStein2000,
  title={Analysis, finite element computation and error estimation in transversely isotropic nearly incompressible finite elasticity},
  author={R{\"u}ter, Marcus and Stein, Erwin},
  journal={Computer methods in applied mechanics and engineering},
  volume={190},
  number={5-7},
  pages={519--541},
  year={2000},
  publisher={Elsevier}
}

@article{RossWakeling2016Multibody,
  title={Muscle shortening velocity depends on tissue inertia and level of activation during submaximal contractions},
  author={Ross, Stephanie A and Wakeling, James M},
  journal={Biology letters},
  volume={12},
  number={6},
  pages={20151041},
  year={2016},
  publisher={The Royal Society}
}

@article{Holt2016,
  title={Stuck in gear: age-related loss of variable gearing in skeletal muscle},
  author={Holt, Natalie C and Danos, Nicole and Roberts, Thomas J and Azizi, Emanuel},
  journal={Journal of Experimental Biology},
  volume={219},
  number={7},
  pages={998--1003},
  year={2016},
  publisher={The Company of Biologists Ltd}
}

@article{Dick2016,
  title={Quantifying Achilles tendon force in vivo from ultrasound images},
  author={Dick, Taylor JM and Arnold, Allison S and Wakeling, James M},
  journal={Journal of biomechanics},
  volume={49},
  number={14},
  pages={3200--3207},
  year={2016},
  publisher={Elsevier}
}

@article{MendezKeys1960,
  title={Density and composition of mammalian muscle.},
  author={M{\'e}ndez, Jos{\'e}},
  journal={Metabolism},
  volume={9},
  pages={184--188},
  year={1960}
}

@article{Hansfield2014,
  title={Relationships of 35 lower limb muscles to height and body mass quantified using MRI},
  author={Handsfield, Geoffrey G and Meyer, Craig H and Hart, Joseph M and Abel, Mark F and Blemker, Silvia S},
  journal={Journal of biomechanics},
  volume={47},
  number={3},
  pages={631--638},
  year={2014},
  publisher={Elsevier}
}

@article{Medler2002,
  title={Comparative trends in shortening velocity and force production in skeletal muscles},
  author={Medler, Scott},
  journal={American Journal of Physiology-Regulatory, Integrative and Comparative Physiology},
  volume={283},
  number={2},
  pages={R368--R378},
  year={2002},
  publisher={American Physiological Society Bethesda, MD}
}

@article{WakeingLee2012,
  title={A muscle’s force depends on the recruitment patterns of its fibers},
  author={Wakeling, James M and Lee, Sabrina SM and Arnold, Allison S and de Boef Miara, Maria and Biewener, Andrew A},
  journal={Annals of biomedical engineering},
  volume={40},
  pages={1708--1720},
  year={2012},
  publisher={Springer}
}

@article{Dick2017,
  title={Comparison of human gastrocnemius forces predicted by Hill-type muscle models and estimated from ultrasound images},
  author={Dick, Taylor JM and Biewener, Andrew A and Wakeling, James M},
  journal={Journal of experimental biology},
  volume={220},
  number={9},
  pages={1643--1653},
  year={2017},
  publisher={The Company of Biologists Ltd}
}

@article{Kovacz2020,
  title={Lower leg muscle--tendon unit characteristics are related to marathon running performance},
  author={Kov{\'a}cs, B{\'a}lint and K{\'o}bor, Istv{\'a}n and Gyimes, Zsolt and Sebesty{\'e}n, {\"O}rs and Tihanyi, J{\'o}zsef},
  journal={Scientific reports},
  volume={10},
  number={1},
  pages={17870},
  year={2020},
  publisher={Nature Publishing Group UK London}
}

@article{OBrien2010,
  title={Muscle--tendon structure and dimensions in adults and children},
  author={O’Brien, Thomas D and Reeves, Neil D and Baltzopoulos, Vasilios and Jones, David A and Maganaris, Constantinos N},
  journal={Journal of anatomy},
  volume={216},
  number={5},
  pages={631--642},
  year={2010},
  publisher={Wiley Online Library}
}

@article{DormandPrince1980,
  title={A family of embedded Runge-Kutta formulae},
  author={Dormand, John R and Prince, Peter J},
  journal={Journal of computational and applied mathematics},
  volume={6},
  number={1},
  pages={19--26},
  year={1980},
  publisher={Elsevier}
}

@article{ShampineReichelt1997,
  title={The matlab ode suite},
  author={Shampine, Lawrence F and Reichelt, Mark W},
  journal={SIAM journal on scientific computing},
  volume={18},
  number={1},
  pages={1--22},
  year={1997},
  publisher={SIAM}
}

@article{Shampine2002,
  title={Solving 0= F (t, y(t), y'(t)) in {MATLAB}},
  author={Shampine, Lawrence F},
  journal={Journal of Numerical Mathematics},
  volume={10},
  number={4},
  pages={291--310},
  year={2002},
  publisher={Walter de Gruyter GmbH \& Co. KG}
}

@article{Gunther2012,
  title={Spreading out muscle mass within a hill-type model: A computer simulation study},
  author={G{\"u}nther, Michael and R{\"o}hrle, Oliver and Haeufle, Daniel FB and Schmitt, Syn},
  journal={Computational and mathematical methods in medicine},
  volume={2012},
  number={1},
  pages={848630},
  year={2012},
  publisher={Wiley Online Library}
}

@article{Powell1984,
  title={Predictability of skeletal muscle tension from architectural determinations in guinea pig hindlimbs},
  author={Powell, PERRY L and Roy, ROLAND R and Kanim, PAULA and Bello, MAUREEN A and Edgerton, V Reggie},
  journal={Journal of applied physiology},
  volume={57},
  number={6},
  pages={1715--1721},
  year={1984}
}

@article{FridenLieber1998,
  title={Evidence for muscle attachment at relatively long lengths in tendon transfer surgery},
  author={Frid{\'e}n, Jan and Lieber, Richard L},
  journal={The Journal of hand surgery},
  volume={23},
  number={1},
  pages={105--110},
  year={1998},
  publisher={Elsevier}
}

@article{HartmanGrobman,
  title={Hartman-Grobman theorems along hyperbolic stationary trajectories},
  author={Coayla-Teran, Edson A and Mohammed, Salah-Eldin A and Ruffino, Paulo R{\'e}gis C and others},
  journal={Discrete and Continuous Dynamical Systems},
  volume={17},
  number={2},
  pages={281},
  year={2007},
  publisher={AIMS PRESS}
}

@book{HairerNorsettWanner,
  title={Solving Ordinary Differential Equations I: Nonstiff Problems},
  author={Hairer, E. and Norsett, S.P. and Wanner, G.},
  isbn={9783662126073},
  series={Springer Series in Computational Mathematics},
  url={https://books.google.ca/books?id=113xCAAAQBAJ},
  year={2013},
  publisher={Springer Berlin Heidelberg}
}

@inproceedings{MorganProske2004,
  title={Popping sarcomere hypothesis explains stretch induced muscle damage},
  author={Morgan, David L and Proske, Uwe},
  booktitle={Proceedings of the Australian Physiological and Pharmacological Society},
  volume={34},
  pages={19--23},
  year={2004}
}

@article{MorganProske2006,
  title={Sarcomere popping requires stretch over a range where total tension decreases with length},
  author={Morgan, David L and Proske, Uwe},
  journal={The Journal of Physiology},
  volume={574},
  number={Pt 2},
  pages={627},
  year={2006},
  publisher={Wiley}
}

@book{TruesdellNoll2004,
  title={The non-linear field theories of mechanics},
  author={Truesdell, Clifford and Noll, Walter and Truesdell, C and Noll, W},
  year={2004},
  publisher={Springer}
}

@article{JoumaaLeonardHerzog2008,
  title={Residual force enhancement in myofibrils and sarcomeres},
  author={Joumaa, V and Leonard, TR and Herzog, W},
  journal={Proceedings of the Royal Society B: Biological Sciences},
  volume={275},
  number={1641},
  pages={1411--1419},
  year={2008},
  publisher={The Royal Society London}
}

@article{RassierPavlov2012,
  title={Force produced by isolated sarcomeres and half-sarcomeres after an imposed stretch},
  author={Rassier, Dilson E and Pavlov, Ivan},
  journal={American Journal of Physiology-Cell Physiology},
  volume={302},
  number={1},
  pages={C240--C248},
  year={2012},
  publisher={American Physiological Society Bethesda, MD}
}

@article{Pinnell2019,
  title={Residual force enhancement and force depression in human single muscle fibres},
  author={Pinnell, Rhiannan AM and Mashouri, Parastoo and Mazara, Nicole and Weersink, Erin and Brown, Stephen HM and Power, Geoffrey A},
  journal={Journal of Biomechanics},
  volume={91},
  pages={164--169},
  year={2019},
  publisher={Elsevier}
}

@article{Bakenecker2020,
  title={Force enhancement in the human vastus lateralis is muscle-length-dependent following stretch but not during stretch},
  author={Bakenecker, Patrick and Raiteri, Brent J and Hahn, Daniel},
  journal={European Journal of Applied Physiology},
  volume={120},
  pages={2597--2610},
  year={2020},
  publisher={Springer}
}

@article{Chapman2018,
  title={Residual force enhancement in humans: a systematic review},
  author={Chapman, Neil and Whitting, John and Broadbent, Suzanne and Crowley-McHattan, Zachary and Meir, Rudi},
  journal={Journal of Applied Biomechanics},
  volume={34},
  number={3},
  pages={240--248},
  year={2018},
  publisher={Human Kinetics}
}

@article{Hinks2024,
  title={Residual force enhancement decreases when scaling from the single muscle fibre to joint level in humans},
  author={Hinks, Avery and Jacob, Kaitlyn BE and Patterson, Makenna A and Dalton, Ben and Power, Geoffrey A},
  journal={bioRxiv},
  pages={2024--06},
  year={2024},
  publisher={Cold Spring Harbor Laboratory}
}

@article{Nishikawa2020,
  title={Titin: a tunable spring in active muscle},
  author={Nishikawa, Kiisa},
  journal={Physiology},
  volume={35},
  number={3},
  pages={209--217},
  year={2020},
  publisher={American Physiological Society Bethesda, MD}
}

@article{SampaioDeOliveiraUchida2025,
  title={Phenomenological Muscle Constitutive Model With Actin--Titin Binding for Simulating Active Stretching},
  author={Sampaio de Oliveira, Manuel Lucas and Uchida, Thomas K},
  journal={Journal of Biomechanical Engineering},
  volume={147},
  number={1},
  pages={011002},
  year={2025},
  publisher={American Society of Mechanical Engineers}
}

@article{Millard2024,
  title={A three filament mechanistic model of musculotendon force and impedance},
  author={Millard, Matthew and Franklin, David W and Herzog, Walter},
  journal={Elife},
  volume={12},
  pages={RP88344},
  year={2024},
  publisher={eLife Sciences Publications Limited}
}

@article{Kuthe2016,
  title={Investigation of effect of fiber orientation on mechanical behavior of skeletal muscle},
  author={Kuthe, Chetan D and Uddanwadiker, Rashmi V},
  journal={Journal of Applied Biomaterials \& Functional Materials},
  volume={14},
  number={2},
  pages={154--162},
  year={2016},
  publisher={SAGE Publications Sage UK: London, England}
}

@book{strogratz,
  title={Nonlinear Dynamics and Chaos: With Applications to Physics, Biology, Chemistry, and Engineering},
  author={Strogatz, S.H.},
  isbn={9780429961113},
  url={https://books.google.ca/books?id=A0paDwAAQBAJ},
  year={2018},
  publisher={CRC Press}
}

@article {HerzogLoayza-Romero2024,
    AUTHOR = {Herzog, Roland and Loayza-Romero, Estefan\'ia},
     TITLE = {A discretize-then-optimize approach to {PDE}-constrained shape
              optimization},
   JOURNAL = {ESAIM Control Optim. Calc. Var.},
  FJOURNAL = {ESAIM. Control, Optimisation and Calculus of Variations},
    VOLUME = {30},
      YEAR = {2024},
     PAGES = {Paper No. 11, 36},
      ISSN = {1292-8119,1262-3377},
   MRCLASS = {49Q10 (35Q93 49J20 49M25 49M41 53Z50)},
  MRNUMBER = {4710010},
MRREVIEWER = {Fr\'ed\'erique\ Le Lou\"er},
       DOI = {10.1051/cocv/2023071},
       URL = {https://doi.org/10.1051/cocv/2023071},
}

@book{raviartthomas,
  title={Introduction {\`a} l'analyse num{\'e}rique des {\'e}quations aux d{\'e}riv{\'e}es partielles},
  author={Raviart, Pierre-Arnaud and Thomas, John Meurig},
  isbn={2225756708},
  year={1983},
  publisher={Masson},
  address={Paris}
}

@book{ErnGuermondBook,
  title={Theory and practice of finite elements},
  author={Ern, Alexandre and Guermond, Jean-Luc},
  volume={159},
  year={2004},
  publisher={Springer}
}

@article{Alkhouli2013,
  title={The mechanical properties of human adipose tissues and their relationships to the structure and composition of the extracellular matrix},
  author={Alkhouli, Nadia and Mansfield, Jessica and Green, Ellen and Bell, James and Knight, Beatrice and Liversedge, Neil and Tham, Ji Chung and Welbourn, Richard and Shore, Angela C and Kos, Katarina and others},
  journal={American Journal of Physiology-Endocrinology and Metabolism},
  volume={305},
  number={12},
  pages={E1427--E1435},
  year={2013},
  publisher={American Physiological Society Bethesda, MD}
}

@article{RahemiNigamWakeling2015,
  title={The effect of intramuscular fat on skeletal muscle mechanics: implications for the elderly and obese},
  author={Rahemi, Hadi and Nigam, Nilima and Wakeling, James M},
  journal={Journal of The Royal Society Interface},
  volume={12},
  number={109},
  pages={20150365},
  year={2015},
  publisher={The Royal Society}
}

@article{BolReese2008,
  title={Micromechanical modelling of skeletal muscles based on the finite element method},
  author={B{\"o}l, Markus and Reese, Stefanie},
  journal={Computer methods in biomechanics and biomedical engineering},
  volume={11},
  number={5},
  pages={489--504},
  year={2008},
  publisher={Taylor \& Francis}
}

@article{Azizi2009,
  title={Mechanical properties of the gastrocnemius aponeurosis in wild turkeys},
  author={Azizi, Emanuel and Halenda, Gregory M and Roberts, Thomas J},
  journal={Integrative and comparative biology},
  volume={49},
  number={1},
  pages={51--58},
  year={2009},
  publisher={Oxford University Press}
}

@article{Rothe1930,
  title={Zweidimensionale parabolische randwertaufgaben als grenzfall eindimensionaler randwertaufgaben},
  author={Rothe, Erich},
  journal={Mathematische Annalen},
  volume={102},
  number={1},
  pages={650--670},
  year={1930},
  publisher={Springer}
}

@book{LeVequeBook,
  author = {LeVeque, Randall J.},
  title = {Finite Difference Methods for Ordinary and Partial Differential Equations},
  publisher = {Society for Industrial and Applied Mathematics},
  year = {2007},
  doi = {10.1137/1.9780898717839},
  address = {},
  edition   = {},
  URL = {https://epubs.siam.org/doi/abs/10.1137/1.9780898717839},
  eprint = {https://epubs.siam.org/doi/pdf/10.1137/1.9780898717839}
}

@article{BaskinPaolini,
  title={Volume change and pressure development in muscle during contraction},
  author={Baskin, RJ and Paolini, PJ},
  journal={American Journal of Physiology-Legacy Content},
  volume={213},
  number={4},
  pages={1025--1030},
  year={1967},
  publisher={American Physiological Society}
}

@article{Mohammadkhah2016,
  title={The in vitro passive elastic response of chicken pectoralis muscle to applied tensile and compressive deformation},
  author={Mohammadkhah, Melika and Murphy, Paula and Simms, Ciaran K},
  journal={Journal of the mechanical behavior of biomedical materials},
  volume={62},
  pages={468--480},
  year={2016},
  publisher={Elsevier}
}

@article{Gillies2011,
  title={Method for decellularizing skeletal muscle without detergents or proteolytic enzymes},
  author={Gillies, Allison R and Smith, Lucas R and Lieber, Richard L and Varghese, Shyni},
  journal={Tissue engineering part C: Methods},
  volume={17},
  number={4},
  pages={383--389},
  year={2011},
  publisher={Mary Ann Liebert, Inc. 140 Huguenot Street, 3rd Floor New Rochelle, NY 10801 USA}
}

@article{Jin2013,
  title={A comprehensive experimental study on material properties of human brain tissue},
  author={Jin, Xin and Zhu, Feng and Mao, Haojie and Shen, Ming and Yang, King H},
  journal={Journal of biomechanics},
  volume={46},
  number={16},
  pages={2795--2801},
  year={2013},
  publisher={Elsevier}
}

@article{Randhawa2013,
  title={Muscle gearing during isotonic and isokinetic movements in the ankle plantarflexors},
  author={Randhawa, Avleen and Jackman, Meghan E and Wakeling, James M},
  journal={European journal of applied physiology},
  volume={113},
  pages={437--447},
  year={2013},
  publisher={Springer}
}

@article{Eng2018,
  title={Structural determinants of muscle gearing during dynamic contractions},
  author={Eng, Carolyn M and Azizi, Emanuel and Roberts, Thomas J},
  journal={Integrative and comparative biology},
  volume={58},
  number={2},
  pages={207--218},
  year={2018},
  publisher={Oxford University Press}
}

@article{LieberFriden2000,
  title={Functional and clinical significance of skeletal muscle architecture},
  author={Lieber, Richard L and Frid{\'e}n, Jan},
  journal={Muscle \& Nerve: Official Journal of the American Association of Electrodiagnostic Medicine},
  volume={23},
  number={11},
  pages={1647--1666},
  year={2000},
  publisher={Wiley Online Library}
}

@article{HerzogLeonard2002,
  title={Force enhancement following stretching of skeletal muscle: a new mechanism},
  author={Herzog, Walter and Leonard, Timothy R},
  journal={Journal of Experimental Biology},
  volume={205},
  number={9},
  pages={1275--1283},
  year={2002},
  publisher={Company of Biologists}
}

@book{BoffiBrezziFortin2013,
  title={Mixed finite element methods and applications},
  author={Boffi, Daniele and Brezzi, Franco and Fortin, Michel and others},
  volume={44},
  year={2013},
  publisher={Springer}
}

@article{Gatica2014,
  title={A simple introduction to the mixed finite element method},
  author={Gatica, Gabriel N},
  journal={Theory and Applications. Springer Briefs in Mathematics. Springer, London},
  year={2014},
  publisher={Springer}
}

@article{BrinkStein1996,
  title={On some mixed finite element methods for incompressible and nearly incompressible finite elasticity},
  author={Brink, Ulrich and Stein, Erwin},
  journal={Computational Mechanics},
  volume={19},
  number={1},
  pages={105--119},
  year={1996},
  publisher={Springer}
}

@article{AlmonacidGatica2018,
  title={A mixed--primal finite element method for the Boussinesq problem with temperature-dependent viscosity},
  author={Almonacid, Javier A and Gatica, Gabriel N and Oyarz{\'u}a, Ricardo},
  journal={Calcolo},
  volume={55},
  pages={1--42},
  year={2018},
  publisher={Springer}
}

@article{Kadapa2024,
  title={Mixed displacement--pressure formulations and suitable finite elements for multimaterial problems with compressible and incompressible models},
  author={Kadapa, Chennakesava},
  journal={Computer methods in applied mechanics and engineering},
  volume={432},
  pages={117354},
  year={2024},
  publisher={Elsevier}
}

@book{Ciarlet2021,
  title={Mathematical elasticity: Three-dimensional elasticity},
  author={Ciarlet, Philippe G},
  year={2021},
  publisher={SIAM}
}

@incollection{Ball2002,
  title={Some open problems in elasticity},
  author={Ball, John M},
  booktitle={Geometry, mechanics, and dynamics},
  pages={3--59},
  year={2002},
  publisher={Springer}
}

@article{Ball1976,
  title={Convexity conditions and existence theorems in nonlinear elasticity},
  author={Ball, John M},
  journal={Archive for rational mechanics and Analysis},
  volume={63},
  pages={337--403},
  year={1976},
  publisher={Springer}
}

@article{Doll2000,
  title={On the development of volumetric strain energy functions},
  author={Doll, Stefan and Schweizerhof, Karl},
  journal={J. Appl. Mech.},
  volume={67},
  number={1},
  pages={17--21},
  year={2000}
}

@article{HartmannNeff2003,
  title={Polyconvexity of generalized polynomial-type hyperelastic strain energy functions for near-incompressibility},
  author={Hartmann, Stefan and Neff, Patrizio},
  journal={International journal of solids and structures},
  volume={40},
  number={11},
  pages={2767--2791},
  year={2003},
  publisher={Elsevier}
}

@article{FunaiEtAl2021,
  title={Proposal and validation of polyconvex strain-energy function for biological soft tissues},
  author={Funai, Takashi and Kataoka, Hiroyuki and Yokota, Hideo and Suzuki, Taka-aki},
  journal={Bio-Medical Materials and Engineering},
  volume={32},
  number={3},
  pages={131--144},
  year={2021},
  publisher={SAGE Publications Sage UK: London, England}
}

@article{SchroderNeff2003,
  title={Invariant formulation of hyperelastic transverse isotropy based on polyconvex free energy functions},
  author={Schr{\"o}der, J{\"o}rg and Neff, Patrizio},
  journal={International journal of solids and structures},
  volume={40},
  number={2},
  pages={401--445},
  year={2003},
  publisher={Elsevier}
}

@article{DiSalvoBlemker2024,
  title={The need for speed--Does the force--velocity property significantly alter strain distributions within skeletal muscle?},
  author={DiSalvo, Matthew D and Blemker, Silvia S},
  journal={Journal of Biomechanics},
  volume={167},
  pages={112089},
  year={2024},
  publisher={Elsevier}
}

@article{VazDeLaRocha2012,
  title={The force-length relationship of the cat soleus muscle},
  author={Vaz, Marco Aurelio and de la Rocha Freitas, C{\'\i}ntia and Leonard, Tim and Herzog, Walter},
  journal={Muscles, ligaments and tendons journal},
  volume={2},
  number={2},
  pages={79},
  year={2012}
}

@article{ScottBrownLoeb1996-1,
  title={Mechanics of feline soleus: I. Effect of fascicle length and velocity on force output},
  author={Scott, Stephen H and Brown, Ian E and Loeb, Gerald E},
  journal={Journal of Muscle Research \& Cell Motility},
  volume={17},
  pages={207--219},
  year={1996},
  publisher={Springer}
}

@article{Gareis1992,
  title={The isometric length-force models of nine different skeletal muscles},
  author={Gareis, Heather and Moshe, Solomonow and Baratta, Richard and Best, Robert and D'Ambrosia, Robert},
  journal={Journal of Biomechanics},
  volume={25},
  number={8},
  pages={903--916},
  year={1992},
  publisher={Elsevier}
}

@article{Diniz2025DigitalTwin,
  title={Digital twin systems for musculoskeletal applications: A current concepts review},
  author={Diniz, Pedro and Grimm, Bernd and Garcia, Frederic and Fayad, Jennifer and Ley, Christophe and Mouton, Caroline and Oeding, Jacob F and Hirschmann, Michael T and Samuelsson, Kristian and Seil, Romain},
  journal={Knee Surgery, Sports Traumatology, Arthroscopy},
  volume={33},
  number={5},
  pages={1892--1910},
  year={2025},
  publisher={Wiley Online Library}
}

@article{DSouza2019,
  title={Muscle architecture in children with cerebral palsy and ankle contractures: an investigation using diffusion tensor imaging},
  author={D'Souza, Arkiev and Bolsterlee, Bart and Lancaster, Ann and Herbert, Robert D},
  journal={Clinical Biomechanics},
  volume={68},
  pages={205--211},
  year={2019},
  publisher={Elsevier}
}

@article{Caillet2022Review,
  title={Hill-type computational models of muscle-tendon actuators: a systematic review},
  author={Caillet, Arnault H and Phillips, Andrew TM and Carty, Christopher and Farina, Dario and Modenese, Luca},
  journal={bioRxiv},
  pages={2022--10},
  year={2022},
  publisher={Cold Spring Harbor Laboratory}
}

@article{Wakeling2023Review,
  title={A review of the efforts to develop muscle and musculoskeletal models for biomechanics in the last 50 years},
  author={Wakeling, James M and Febrer-Nafr{\'\i}a, M{\'\i}riam and De Groote, Friedl},
  journal={Journal of biomechanics},
  volume={155},
  pages={111657},
  year={2023},
  publisher={Elsevier}
}

@article{RahemiNigamWakeling2014,
  title={Regionalizing muscle activity causes changes to the magnitude and direction of the force from whole muscles—a modeling study},
  author={Rahemi, Hadi and Nigam, Nilima and Wakeling, James M},
  journal={Frontiers in physiology},
  volume={5},
  pages={298},
  year={2014},
  publisher={Frontiers Media SA}
}

@software{step44,
  author       = {Pelteret, Jean-Paul and
                  McBride, Andrew},
  title        = {The deal.II tutorial step-44: Three-field
                   formulation for non-linear solid mechanics
                  },
  month        = apr,
  year         = 2012,
  publisher    = {Zenodo},
  doi          = {10.5281/zenodo.439772},
  url          = {https://doi.org/10.5281/zenodo.439772},
}

@article{dealii962,
  author  = {Pasquale C. Africa and Daniel Arndt and Wolfgang Bangerth and Bruno Blais and
             Marc Fehling and Rene Gassm{\"o}ller and Timo Heister and Luca Heltai and
             Sebastian Kinnewig and Martin Kronbichler and Matthias Maier and Peter Munch and
             Magdalena Schreter-Fleischhacker and Jan P. Thiele and Bruno Turcksin and
             David Wells and Vladimir Yushutin},
  title   = {The deal.II library, Version 9.6},
  journal = {Journal of Numerical Mathematics},
  year    = 2024,
  volume  = 32,
  number  = 4,
  pages   = {369--380},
  doi     = {10.1515/jnma-2024-0137}
}

@article{Bottinelli1999,
  title={Specific contributions of various muscle fibre types to human muscle performance: an in vitro study},
  author={Bottinelli, Roberto and Pellegrino, MARIA ANTONIETTA and Canepari, Monica and Rossi, Rosetta and Reggiani, C},
  journal={Journal of Electromyography and Kinesiology},
  volume={9},
  number={2},
  pages={87--95},
  year={1999},
  publisher={Elsevier}
}

@article{BlemkerPinskyDelp2005,
  title={A 3D model of muscle reveals the causes of nonuniform strains in the biceps brachii},
  author={Blemker, Silvia S and Pinsky, Peter M and Delp, Scott L},
  journal={Journal of biomechanics},
  volume={38},
  number={4},
  pages={657--665},
  year={2005},
  publisher={Elsevier}
}

@article{GearingReviewPaper,
  title={From muscle fibres to gears: How fibre rotation and shape change impact muscle function},
  author={Pinto, Matheus D and Wakeling, James M and Almonacid, Javier A and Blazevich, Anthony J},
  journal={bioRxiv},
  pages={1--81},
  year={2025},
  publisher={}
}
@article{Azizi2008VariableGearing,
  title={Variable gearing in pennate muscles},
  author={Azizi, Emanuel and Brainerd, Elizabeth L and Roberts, Thomas J},
  journal={Proceedings of the National Academy of Sciences},
  volume={105},
  number={5},
  pages={1745--1750},
  year={2008},
  publisher={National Academy of Sciences}
}

@article{BrainerdAzizi2005,
  title={Muscle fiber angle, segment bulging and architectural gear ratio in segmented musculature},
  author={Brainerd, Elizabeth L and Azizi, Emanuel},
  journal={Journal of Experimental Biology},
  volume={208},
  number={17},
  pages={3249--3261},
  year={2005},
  publisher={Company of Biologists}
}

@article{DickWakeling2017ShiftingGears,
  title={Shifting gears: dynamic muscle shape changes and force-velocity behavior in the medial gastrocnemius},
  author={Dick, Taylor JM and Wakeling, James M},
  journal={Journal of applied physiology},
  volume={123},
  number={6},
  pages={1433--1442},
  year={2017},
  publisher={American Physiological Society Bethesda, MD}
}

@article{WakelingEtAl2011MovementMechanics,
  title={Movement mechanics as a determinate of muscle structure, recruitment and coordination},
  author={Wakeling, James M and Blake, Ollie M and Wong, Iris and Rana, Manku and Lee, Sabrina SM},
  journal={Philosophical Transactions of the Royal Society B: Biological Sciences},
  volume={366},
  number={1570},
  pages={1554--1564},
  year={2011},
  publisher={The Royal Society}
}

@article{RobertsEtAl2019MutiScale3DNature,
  title={The multi-scale, three-dimensional nature of skeletal muscle contraction},
  author={Roberts, Thomas J and Eng, Carolyn M and Sleboda, David A and Holt, Natalie C and Brainerd, Elizabeth L and Stover, Kristin K and Marsh, Richard L and Azizi, Emanuel},
  journal={Physiology},
  volume={34},
  number={6},
  pages={402--408},
  year={2019},
  publisher={American Physiological Society Bethesda, MD}
}

@article{Beritoff1925,
  title={{\"U}ber die Kontraktionsf{\"a}higkeit der Skelettmuskeln: IV. Mitteilung. {\"U}ber die physiologische Bedeutung des gefiederten Baues der Muskeln},
  author={Beritoff, J},
  journal={Pfl{\"u}ger's Archiv f{\"u}r die gesamte Physiologie des Menschen und der Tiere},
  volume={209},
  number={1},
  pages={763--778},
  year={1925},
  publisher={Springer}
}

@article{Muhl1982,
  title={Active length-tension relation and the effect of muscle pinnation on fiber lengthening},
  author={Muhl, Zane F},
  journal={Journal of Morphology},
  volume={173},
  number={3},
  pages={285--292},
  year={1982},
  publisher={Wiley Online Library}
}

@article{HuijingWoittiez1983PlanimetricModel,
  title={The effect of architecture on skeletal muscle performance: a simple planimetric model},
  author={Huijing, PA and Woittiez, RD},
  journal={Netherlands Journal of Zoology},
  volume={34},
  number={1},
  pages={21--32},
  year={1983},
  publisher={Brill}
}

@article{Otten1984,
  title={Some numerical reflections upon the simple planimetric muscle model of Huijing \& Woittiez},
  author={Otten, E},
  journal={Netherlands journal of zoology},
  volume={35},
  number={3},
  pages={517--520},
  year={1984},
  publisher={Brill}
}

@article{WoittiezHuijing1984Notes,
  title={Notes on planimetric and three-dimensional muscle models},
  author={Woittiez, RD and Huijing, PA},
  journal={Netherlands journal of zoology},
  volume={35},
  number={3},
  pages={521--525},
  year={1984},
  publisher={Brill}
}

@article{WoittiezEtAl1984ThreeDimensional,
  title={A three-dimensional muscle model: a quantified relation between form and function of skeletal muscles},
  author={Woittiez, RD and Huijing, PA and Boom, HBK and Rozendal, RH},
  journal={Journal of Morphology},
  volume={182},
  number={1},
  pages={95--113},
  year={1984},
  publisher={Wiley Online Library}
}

@article{PintoEtAl2023Nomenclature,
  title={Human in vivo medial gastrocnemius gear during active and passive muscle lengthening: effect of inconsistent methods and nomenclature on data interpretation},
  author={Pinto, Matheus Daros and Nosaka, Kazunori and Wakeling, James M and Blazevich, Anthony J},
  journal={Biology Open},
  volume={12},
  number={9},
  year={2023},
  publisher={The Company of Biologists}
}

@article{AziziRoberts2014,
  title={Geared up to stretch: pennate muscle behavior during active lengthening},
  author={Azizi, Emanuel and Roberts, Thomas J},
  journal={Journal of Experimental Biology},
  volume={217},
  number={3},
  pages={376--381},
  year={2014},
  publisher={Company of Biologists}
}

@article{EngRoberts2018,
  title={Aponeurosis influences the relationship between muscle gearing and force},
  author={Eng, Carolyn M and Roberts, Thomas J},
  journal={Journal of Applied Physiology},
  volume={125},
  number={2},
  pages={513--519},
  year={2018},
  publisher={American Physiological Society Bethesda, MD}
}

@article{RandhawaJackmanWakeling2013,
  title={Muscle gearing during isotonic and isokinetic movements in the ankle plantarflexors},
  author={Randhawa, Avleen and Jackman, Meghan E and Wakeling, James M},
  journal={European journal of applied physiology},
  volume={113},
  pages={437--447},
  year={2013},
  publisher={Springer}
}

@article{BohmEtAl2019,
  title={The force--length--velocity potential of the human soleus muscle is related to the energetic cost of running},
  author={Bohm, Sebastian and Mersmann, Falk and Santuz, Alessandro and Arampatzis, Adamantios},
  journal={Proceedings of the Royal Society B},
  volume={286},
  number={1917},
  pages={20192560},
  year={2019},
  publisher={The Royal Society}
}

@article{LeavyRichardsPorro2025,
  title={Frog Fibres: What Muscle Architecture Can Tell Us About Anuran Locomotor Function},
  author={Leavey, Alice and Richards, Christopher T and Porro, Laura B},
  journal={Journal of Morphology},
  volume={286},
  number={1},
  pages={e70016},
  year={2025},
  publisher={Wiley Online Library}
}

% McKibben actuators

@article{AziziRoberts2013McKibben,
  title={Variable gearing in a biologically inspired pneumatic actuator array},
  author={Azizi, Emanuel and Roberts, Thomas J},
  journal={Bioinspiration \& biomimetics},
  volume={8},
  number={2},
  pages={026002},
  year={2013},
  publisher={IOP Publishing}
}

@article{SlebodaRobertsAzizi2024,
  title={Architectural gear ratio depends on actuator spacing in a physical model of pennate muscle},
  author={Sleboda, David A and Roberts, Thomas J and Azizi, Emanuel},
  journal={Bioinspiration \& Biomimetics},
  volume={19},
  number={2},
  pages={026007},
  year={2024},
  publisher={IOP Publishing}
}

@article{Liu2021BioinspiredActuators,
  title={Bioinspired actuators with intrinsic muscle-like mechanical properties},
  author={Liu, Chunbao and Wang, Yingjie and Qian, Zhihui and Wang, Kunyang and Zhao, Fangzhou and Ding, Peng and Xu, Daojie and Wei, Guowu and Ren, Luquan and Ren, Lei},
  journal={Iscience},
  volume={24},
  number={9},
  year={2021},
  publisher={Elsevier}
}

@article{Wang2022LoadDependentVariableGearing,
  title={Load-dependent variable gearing mechanism of muscle-like soft actuator},
  author={Wang, Yingjie and Liu, Chunbao and Ren, Luquan and Ren, Lei},
  journal={Journal of Bionic Engineering},
  pages={1--15},
  year={2022},
  publisher={Springer}
}

@article{ZuurbierHuijing1992,
  title={Influence of muscle geometry on shortening speed of fibre, aponeurosis and muscle},
  author={Zuurbier, Coert J and Huijing, Peter A},
  journal={Journal of biomechanics},
  volume={25},
  number={9},
  pages={1017--1026},
  year={1992},
  publisher={Elsevier}
}

@article{MaganarisEtAl1998,
  title={In vivo measurements of the triceps surae complex architecture in man: implications for muscle function},
  author={Maganaris, Constantinos N and Baltzopoulos, Vasilios and Sargeant, Anthony J},
  journal={The Journal of physiology},
  volume={512},
  number={2},
  pages={603--614},
  year={1998},
  publisher={Wiley Online Library}
}

@article{AziziGillisBrainerd2002,
  title={Morphology and mechanics of myosepta in a swimming salamander (Siren lacertina)},
  author={Azizi, Emanuel and Gillis, Gary B and Brainerd, Elizabeth L},
  journal={Comparative Biochemistry and Physiology Part A: Molecular \& Integrative Physiology},
  volume={133},
  number={4},
  pages={967--978},
  year={2002},
  publisher={Elsevier}
}